<record><leader>00000cas a2200000 a 4500</leader><controlfield tag="001">769762337</controlfield><controlfield tag="006">m     o  d        </controlfield><controlfield tag="007">cr |||||||||||</controlfield><controlfield tag="008">111229c20uu9999nyudn n o     0    0eng c</controlfield><datafield ind1=" " ind2=" " tag="010"><subfield code="a">  2011267068</subfield></datafield><datafield ind1=" " ind2=" " tag="040"><subfield code="a">DOS</subfield><subfield code="b">eng</subfield><subfield code="c">DOS</subfield><subfield code="d">DOS</subfield><subfield code="d">OCLCQ</subfield><subfield code="d">OCLCF</subfield><subfield code="d">OCLCO</subfield></datafield><datafield ind1=" " ind2=" " tag="022"><subfield code="y">0748-6154</subfield></datafield><datafield ind1=" " ind2=" " tag="037"><subfield code="b">China Daily USA, 1500 Broadway, Suite 2800, New York, NY 10036</subfield></datafield><datafield ind1=" " ind2=" " tag="042"><subfield code="a">pcc</subfield></datafield><datafield ind1=" " ind2=" " tag="043"><subfield code="a">n-us---</subfield><subfield code="a">n-us-ny</subfield><subfield code="a">a-cc---</subfield></datafield><datafield ind1="0" ind2="0" tag="245"><subfield code="a">China daily USA</subfield><subfield code="h">[electronic resource].</subfield></datafield><datafield ind1="1" ind2=" " tag="246"><subfield code="a">China daily</subfield></datafield><datafield ind1="1" ind2=" " tag="246"><subfield code="i">Issue for Friday-Sunday called also:</subfield><subfield code="a">Weekend China daily USA</subfield></datafield><datafield ind1="1" ind2=" " tag="246"><subfield code="i">Also known as:</subfield><subfield code="a">China daily US edition</subfield></datafield><datafield ind1="1" ind2=" " tag="246"><subfield code="a">China daily U.S. edition</subfield></datafield><datafield ind1=" " ind2=" " tag="260"><subfield code="a">New York, NY :</subfield><subfield code="b">China Daily Distribution Corp.</subfield></datafield><datafield ind1="3" ind2=" " tag="260"><subfield code="3">&lt;December 29, 2011-&gt; :</subfield><subfield code="a">New York, NY :</subfield><subfield code="b">China Daily USA</subfield></datafield><datafield ind1=" " ind2=" " tag="310"><subfield code="a">Daily (except weekends and Chinese New Year)</subfield></datafield><datafield ind1=" " ind2=" " tag="336"><subfield code="a">text</subfield><subfield code="b">txt</subfield><subfield code="2">rdacontent</subfield></datafield><datafield ind1=" " ind2=" " tag="337"><subfield code="a">computer</subfield><subfield code="b">c</subfield><subfield code="2">rdamedia</subfield></datafield><datafield ind1=" " ind2=" " tag="338"><subfield code="a">online resource</subfield><subfield code="b">cr</subfield><subfield code="2">rdacarrier</subfield></datafield><datafield ind1=" " ind2=" " tag="588"><subfield code="a">Description based on: Vol. 31, No. 9679 (September 30-October 2, 2011); title from caption (Library Press Display, viewed December 29, 2011).</subfield></datafield><datafield ind1=" " ind2=" " tag="588"><subfield code="a">Latest issue consulted: Vol. 31. No. 9743 (December 29, 2011) (Library Press Display, viewed December 29, 2011).</subfield></datafield><datafield ind1=" " ind2="0" tag="650"><subfield code="a">Chinese</subfield><subfield code="z">United States</subfield><subfield code="v">Newspapers.</subfield></datafield><datafield ind1=" " ind2="0" tag="651"><subfield code="a">New York (N.Y.)</subfield><subfield code="v">Newspapers.</subfield></datafield><datafield ind1=" " ind2="0" tag="651"><subfield code="a">China</subfield><subfield code="v">Newspapers.</subfield></datafield><datafield ind1=" " ind2="7" tag="655"><subfield code="a">Newspapers.</subfield><subfield code="2">fast</subfield><subfield code="0">(OCoLC)fst01423814</subfield></datafield><datafield ind1=" " ind2="7" tag="650"><subfield code="a">Chinese.</subfield><subfield code="2">fast</subfield><subfield code="0">(OCoLC)fst00857169</subfield></datafield><datafield ind1=" " ind2="7" tag="651"><subfield code="a">China.</subfield><subfield code="2">fast</subfield><subfield code="0">(OCoLC)fst01206073</subfield></datafield><datafield ind1=" " ind2="7" tag="651"><subfield code="a">New York (State)</subfield><subfield code="z">New York.</subfield><subfield code="2">fast</subfield><subfield code="0">(OCoLC)fst01204333</subfield></datafield><datafield ind1=" " ind2="7" tag="651"><subfield code="a">United States.</subfield><subfield code="2">fast</subfield><subfield code="0">(OCoLC)fst01204155</subfield></datafield><datafield ind1=" " ind2=" " tag="752"><subfield code="a">United States</subfield><subfield code="b">New York</subfield><subfield code="c">New York</subfield><subfield code="d">New York.</subfield></datafield><datafield ind1="0" ind2="0" tag="780"><subfield code="t">China daily (North American edition : Online)</subfield><subfield code="w">(OCoLC)60624201</subfield></datafield><datafield ind1="4" ind2="0" tag="856"><subfield code="3">China Daily USA website</subfield><subfield code="u">http://usa.chinadaily.com.cn/</subfield></datafield><datafield ind1="4" ind2="0" tag="856"><subfield code="3">Current 90 days via Library Press Display</subfield><subfield code="u">http://library.pressdisplay.com/pressdisplay/viewer.aspx?newspaper=China+Daily+USA&amp;cid=7652</subfield><subfield code="z">Subscription required for access</subfield></datafield></record>